<record><leader>00000cas a22000007a 4500</leader><controlfield tag="001">24451623</controlfield><controlfield tag="008">910925d19681980nhuen ne      0    0eng d</controlfield><datafield ind1=" " ind2=" " tag="010"><subfield code="a">sn 91063084 </subfield></datafield><datafield ind1=" " ind2=" " tag="040"><subfield code="a">NVH</subfield><subfield code="b">eng</subfield><subfield code="c">NVH</subfield><subfield code="d">OCLCQ</subfield></datafield><datafield ind1=" " ind2=" " tag="042"><subfield code="a">msc</subfield></datafield><datafield ind1="0" ind2=" " tag="130"><subfield code="a">Crier (Manchester, N.H. : 1968)</subfield></datafield><datafield ind1="1" ind2="4" tag="245"><subfield code="a">The Crier.</subfield></datafield><datafield ind1=" " ind2=" " tag="260"><subfield code="a">Manchester, N.H. :</subfield><subfield code="b">Saint Anselm's College</subfield></datafield><datafield ind1=" " ind2=" " tag="300"><subfield code="a">v.</subfield></datafield><datafield ind1=" " ind2=" " tag="310"><subfield code="a">Biweekly (except vacations)</subfield></datafield><datafield ind1="0" ind2=" " tag="362"><subfield code="a">Vol. 8, no. 1 (Sept. 26, 1968)-v. 14, no. 4 (Dec. 1980).</subfield></datafield><datafield ind1=" " ind2=" " tag="500"><subfield code="a">Published during academic year except vacations.</subfield></datafield><datafield ind1=" " ind2=" " tag="752"><subfield code="a">United States</subfield><subfield code="b">New Hampshire</subfield><subfield code="c">Hillsborough</subfield><subfield code="d">Manchester.</subfield></datafield><datafield ind1="0" ind2="0" tag="780"><subfield code="t">Campus crier</subfield><subfield code="w">(DLC)sn 91063083</subfield></datafield><datafield ind1="0" ind2="0" tag="785"><subfield code="t">St. Anselm crier (Manchester, N.H. : 1981)</subfield><subfield code="w">(DLC)sn 91063085</subfield></datafield></record>